@article{cheng2015process,
  title={Process mining on noisy logsâ€”Can log sanitization help to improve performance?},
  author={Cheng, Hsin-Jung and Kumar, Akhil},
  journal={Decision Support Systems},
  volume={79},
  pages={138--149},
  year={2015},
  publisher={Elsevier}
}

@phdthesis{li2010mining,
  title={Mining process model variants: Challenges, techniques, examples},
  author={Li, Chen},
  year={2010},
  school={University of Twente, The Netherlands}
}

@article{accorsi2013secsy,
  title={SecSy: Synthesizing Process Event Logs},
  author={Accorsi, Rafael and Stocker, Thomas},
  journal={Enterprise Modelling and Information Systems Architectures (EMISA 2013)},
  year={2013},
  publisher={Gesellschaft f{\"u}r Informatik eV}
}

@inproceedings{pourmasoumi2015business,
  title={On Business Process Variants Generation.},
  author={Pourmasoumi, Asef and Kahani, Mohsen and Bagheri, Ebrahim and Asadi, Mohsen},
  booktitle={CAiSE Forum},
  pages={179--188},
  year={2015}
}

@misc{pdsf,
  author = {Wallis, Tom and Storer, Tim},
  title = {PyDySoFu},
  year = {2018},
  publisher = {GitHub},
  journal = {GitHub repository},
  howpublished = {\url{https://github.com/twsswt/pydysofu}},
  commit = {afc0d509ec14ef17fab1ff82565b74db16d7f443}
}

@misc{workflowgraphs,
  author = {Wallis, Tom},
  title = {Workflow\_Graphs},
  year = {2019},
  publisher = {GitHub},
  journal = {GitHub repository},
  howpublished = {\url{https://github.com/probablytom/workflow\_graphs}},
  commit = {latest}
}